<record><leader>00000cas a22000007a 4500</leader><controlfield tag="001">14543144</controlfield><controlfield tag="008">861028d187218uuiauwr ne      0    0eng d</controlfield><datafield ind1=" " ind2=" " tag="010"><subfield code="a">sn 86061148 </subfield></datafield><datafield ind1=" " ind2=" " tag="040"><subfield code="a">INP</subfield><subfield code="b">eng</subfield><subfield code="c">INP</subfield><subfield code="d">NPX</subfield><subfield code="d">INP</subfield><subfield code="d">OCLCQ</subfield></datafield><datafield ind1=" " ind2=" " tag="042"><subfield code="a">msc</subfield></datafield><datafield ind1="0" ind2=" " tag="130"><subfield code="a">Dubuque herald (Dubuque, Iowa : 1872 : Weekly)</subfield></datafield><datafield ind1="1" ind2="4" tag="245"><subfield code="a">The Dubuque herald.</subfield></datafield><datafield ind1="1" ind2="3" tag="246"><subfield code="a">Weekly herald</subfield></datafield><datafield ind1=" " ind2=" " tag="260"><subfield code="a">Dubuque [Iowa] :</subfield><subfield code="b">Ham &amp; Carver,</subfield><subfield code="c">1872-</subfield></datafield><datafield ind1=" " ind2=" " tag="300"><subfield code="a">v. ;</subfield><subfield code="c">75 cm.</subfield></datafield><datafield ind1=" " ind2=" " tag="310"><subfield code="a">Weekly</subfield></datafield><datafield ind1="0" ind2=" " tag="362"><subfield code="a">Vol. 32, no. 47 (Mar. 13, 1872)-</subfield></datafield><datafield ind1="1" ind2=" " tag="362"><subfield code="a">Ceased between Dec. 29, 1875 and Apr. 26, 1889.</subfield></datafield><datafield ind1=" " ind2=" " tag="500"><subfield code="a">Published on Wednesday.</subfield></datafield><datafield ind1=" " ind2=" " tag="752"><subfield code="a">United States</subfield><subfield code="b">Iowa</subfield><subfield code="c">Dubuque</subfield><subfield code="d">Dubuque.</subfield></datafield><datafield ind1="0" ind2=" " tag="775"><subfield code="t">Dubuque herald (Dubuque, Iowa : 1872 : Daily)</subfield><subfield code="w">(DLC)sn 84027135</subfield></datafield><datafield ind1="0" ind2="0" tag="780"><subfield code="t">Dubuque weekly herald (Dubuque, Iowa : 1865)</subfield><subfield code="w">(DLC)sn 86061145</subfield></datafield><datafield ind1="0" ind2="0" tag="785"><subfield code="t">Dubuque weekly herald (Dubuque, Iowa : 1889)</subfield><subfield code="w">(DLC)sn 86061149</subfield></datafield></record>